@inproceedings{Zuleger18, 
  author    = {Sumit Gulwani and
               Ivan Radicek and
               Florian Zuleger},
  title     = {{Automated Clustering and Program Repair for Introductory Programming
               Assignments}},
  booktitle = {Proc. PLDI},
  pages     = {465--480},
  year      = {2018},
  }

@inproceedings{Wang18, 
  author    = {Ke Wang and
               Rishabh Singh and
               Zhendong Su},
  title     = {{Search, Align, and Repair: Data-Driven Feedback Generation for Introductory
               Programming Exercises}},
  booktitle = {Proc. PLDI},
  pages     = {481--495},
  year      = {2018},
 }


@InBook{Tseytin70,
  ALTauthor = 	 {G. S. Tseytin},
  ALTeditor = 	 {A. O. Slisenko},
  title = 	 {On the Complexity of Derivation in Propositional Calculus},
  chapter = 	 {Studies in Constructive Mathematics and Mathematical Logic},
  publisher = 	 {Steklov Mathematical Institute},
  year = 	 {1970},
  pages = {115-1125}
}

 


@inproceedings{Horn15, 
  author    = {Nikolaj Bj{\o}rner and
               Arie Gurfinkel and
               Kenneth L. McMillan and
               Andrey Rybalchenko},
  title     = {Horn Clause Solvers for Program Verification},
  booktitle = {Fields of Logic and Computation {II}},
  pages     = {24--51},
  year      = {2015},
 }
 

@inproceedings{DPLLT,
  author    = {Harald Ganzinger and
               George Hagen and
               Robert Nieuwenhuis and
               Albert Oliveras and
               Cesare Tinelli},
  title     = {{{DPLL}({T}): Fast Decision Procedures}},
  booktitle = {Proc. of CAV},
  pages     = {175--188},
  year      = {2004},
 }

@inproceedings{CVC4Strings, 
  author    = {Andrew Reynolds and
               Maverick Woo and
               Clark W. Barrett and
               David Brumley and
               Tianyi Liang and
               Cesare Tinelli},
  title     = {{Scaling Up {DPLL(T)} String Solvers Using Context-Dependent Simplification}},
  booktitle = {Proc. of CAV},
  pages     = {453--474},
  year      = {2017},
 }

@inproceedings{WeidenbachWischnewski:2008,
	Author = {Weidenbach, Christoph and Wischnewski, Patrick},
	Booktitle = {Proc. of PAAR}, 
	Title = {{Contextual Rewriting in {SPASS}}},
	Year = {2008}
	}

@incollection{Ganzinger01, 
  author    = {Leo Bachmair and
               Harald Ganzinger and
               David A. McAllester and
               Christopher Lynch},
  title     = {{Resolution Theorem Proving}},
  booktitle = {Handbook of Automated Reasoning}, 
  pages     = {19--99},
  year      = {2001},
 }

@incollection{Rubio01, 
  author    = {Robert Nieuwenhuis and
               Albert Rubio},
  title     = {{Paramodulation-Based Theorem Proving}},
  booktitle = {Handbook of Automated Reasoning}, 
  pages     = {371--443},
  year      = {2001},
  }
  
@article{BG94, 
  author    = {Leo Bachmair and
               Harald Ganzinger},
  title     = {{Rewrite-Based Equational Theorem Proving with Selection and Simplification}},
  journal   = {J. Log. Comput.},
  volume    = {4},
  number    = {3},
  pages     = {217--247},
  year      = {1994},
  }

@inproceedings{AVATAR14, 
  author    = {Andrei Voronkov},
  title     = {{AVATAR:} The Architecture for First-Order Theorem Provers},
  booktitle = {Proc. of CAV},
  pages     = {696--710},
  year      = {2014}
  }

@inproceedings{E19, 
  author    = {Stephan Schulz and
               Simon Cruanes and
               Petar Vukmirovic},
  title     = {Faster, Higher, Stronger: {E} 2.3},
  booktitle = {Proc. of CADE},
  pages     = {495--507},
  year      = {2019}
}

@inproceedings{Spass09, 
  author    = {Christoph Weidenbach and
               Dilyana Dimova and
               Arnaud Fietzke and
               Rohit Kumar and
               Martin Suda and
               Patrick Wischnewski},
  title     = {{SPASS} Version 3.5},
  booktitle = {Proc. of CADE},
  pages     = {140--145},
  year      = {2009},
  }

@incollection{Weidenbach01,
  author    = {Christoph Weidenbach},
  title     = {{Combining Superposition, Sorts and Splitting}},
  booktitle = {Handbook of Automated Reasoning}, 
  pages     = {1965--2013},
  year      = {2001},
  }

@inproceedings{Rapid19, 
  author    = {Gilles Barthe and
               Renate Eilers and
               Pamina Georgiou and
               Bernhard Gleiss and
               Laura Kov{\'{a}}cs and
               Matteo Maffei},
  title     = {{Verifying Relational Properties using Trace Logic}},
  booktitle = {Proc. of FMCAD},
  pages     = {170--178},
  year      = {2019},}

@inproceedings{FStar, 
  author    = {Nikhil Swamy and
               Catalin Hritcu and
               Chantal Keller and
               Aseem Rastogi and
               Antoine Delignat{-}Lavaud and
               Simon Forest and
               Karthikeyan Bhargavan and
               C{\'{e}}dric Fournet and
               Pierre{-}Yves Strub and
               Markulf Kohlweiss and
               Jean Karim Zinzindohoue and
               Santiago Zanella B{\'{e}}guelin},
  title     = {Dependent types and multi-monadic effects in {F}},
  booktitle = {POPL},
  pages     = {256--270},
  year      = {2016},
  }


@inproceedings{FOOL18, 
  author    = {Evgenii Kotelnikov and
               Laura Kov{\'{a}}cs and
               Andrei Voronkov},
  title     = {A FOOLish Encoding of the Next State Relations of Imperative Programs},
  booktitle = {Automated Reasoning - 9th International Joint Conference, {IJCAR}
               2018, Held as Part of the Federated Logic Conference, FloC 2018, Oxford,
               UK, July 14-17, 2018, Proceedings},
  pages     = {405--421},
  year      = {2018},
  url       = {https://doi.org/10.1007/978-3-319-94205-6\_27},
  doi       = {10.1007/978-3-319-94205-6\_27},
  timestamp = {Mon, 09 Jul 2018 13:01:56 +0200},
  biburl    = {https://dblp.org/rec/bib/conf/cade/KotelnikovKV18},
  bibsource = {dblp computer science bibliography, https://dblp.org}
}


@TechReport{barrett2017smtlib,
  author      =	{Barrett, Clark and Fontaine, Pascal and Tinelli, Cesare},
  title       =	{The {SMT-LIB} Standard: Version 2.6},
  institution =	{Department of Computer Science, The University of Iowa},
  year        = {2017},
  note        = {Available at {\tt www.SMT-LIB.org}}
}


@inproceedings{Z3, 
  author={De Moura, Leonardo and Bj{\o}rner, Nikolaj},
  title={{Z3}: An Efficient {SMT} Solver},
  booktitle={International conference on Tools and Algorithms for
                  the Construction and Analysis of Systems},
  pages={337--340},
  year={2008},
  organization={Springer}
 }


@inproceedings{CVC4,
  title={{CVC4}},
  author={Barrett, Clark and Conway, Christopher L and Deters, Morgan and Hadarean, Liana and Jovanovi{\'c}, Dejan and King, Tim and Reynolds, Andrew and Tinelli, Cesare},
  booktitle={International Conference on Computer Aided Verification},
  pages={171--177},
  year={2011},
  organization={Springer} 
}


@inproceedings{LPAR-22:Loop_Analysis_by_Quantification,
  author    = {Bernhard Gleiss and Laura Kov\textbackslash{}'acs and Simon Robillard},
  title     = {Loop Analysis by Quantification over Iterations},
  booktitle = {LPAR-22. 22nd International Conference on Logic for Programming, Artificial Intelligence and Reasoning},
  editor    = {Gilles Barthe and Geoff Sutcliffe and Margus Veanes},
  series    = {EPiC Series in Computing},
  volume    = {57},
  pages     = {381--399},
  year      = {2018},
  publisher = {EasyChair},
  bibsource = {EasyChair, https://easychair.org},
  issn      = {2398-7340},
  url       = {https://easychair.org/publications/paper/W2Db},
  doi       = {10.29007/269p}
}


@article{DPLL, 
  author    = {Martin Davis and
               George Logemann and
               Donald W. Loveland},
  title     = {{A Machine Program for Theorem-Proving}},
  journal   = {Commun. {ACM}},
  volume    = {5},
  number    = {7},
  pages     = {394--397},
  year      = {1962},
}

@inproceedings{SmithD08,
  author    = {Eric Whitman Smith and
               David L. Dill},
  editor    = {Alessandro Cimatti and
               Robert B. Jones},
  title     = {Automatic Formal Verification of Block Cipher Implementations},
  booktitle = {Formal Methods in Computer-Aided Design, {FMCAD} 2008, Portland, Oregon,
               USA, 17-20 November 2008},
  pages     = {1--7},
  publisher = {{IEEE}},
  year      = {2008},
  url       = {https://doi.org/10.1109/FMCAD.2008.ECP.10},
  doi       = {10.1109/FMCAD.2008.ECP.10},
  timestamp = {Wed, 17 May 2017 10:54:03 +0200},
  biburl    = {https://dblp.org/rec/bib/conf/fmcad/SmithD08},
  bibsource = {dblp computer science bibliography, https://dblp.org}
}



@inproceedings{BalliuDG14,
  author    = {Musard Balliu and
               Mads Dam and
               Roberto Guanciale},
  editor    = {Gail{-}Joon Ahn and
               Moti Yung and
               Ninghui Li},
  title     = {Automating Information Flow Analysis of Low Level Code},
  booktitle = {Proceedings of the 2014 {ACM} {SIGSAC} Conference on Computer and
               Communications Security, Scottsdale, AZ, USA, November 3-7, 2014},
  pages     = {1080--1091},
  publisher = {{ACM}},
  year      = {2014},
  url       = {https://doi.org/10.1145/2660267.2660322},
  doi       = {10.1145/2660267.2660322},
  timestamp = {Tue, 06 Nov 2018 11:07:30 +0100},
  biburl    = {https://dblp.org/rec/bib/conf/ccs/BalliuDG14},
  bibsource = {dblp computer science bibliography, https://dblp.org}
}

@inproceedings{KwonHE17,
  author    = {Hyoukjun Kwon and
               William Harris and
               Hadi Esmaeilzadeh},
  title     = {Proving Flow Security of Sequential Logic via Automatically-Synthesized
               Relational Invariants},
  booktitle = {30th {IEEE} Computer Security Foundations Symposium, {CSF} 2017, Santa
               Barbara, CA, USA, August 21-25, 2017},
  pages     = {420--435},
  publisher = {{IEEE} Computer Society},
  year      = {2017},
  url       = {https://doi.org/10.1109/CSF.2017.35},
  doi       = {10.1109/CSF.2017.35},
  timestamp = {Mon, 16 Oct 2017 15:00:34 +0200},
  biburl    = {https://dblp.org/rec/bib/conf/csfw/KwonHE17},
  bibsource = {dblp computer science bibliography, https://dblp.org}
}


@article{ZhouHH17,
  author    = {Qi Zhou and
               David Heath and
               William Harris},
  title     = {Completely Automated Equivalence Proofs},
  journal   = {CoRR},
  volume    = {abs/1705.03110},
  year      = {2017},
  url       = {http://arxiv.org/abs/1705.03110},
  archivePrefix = {arXiv},
  eprint    = {1705.03110},
  timestamp = {Mon, 13 Aug 2018 16:47:22 +0200},
  biburl    = {https://dblp.org/rec/bib/journals/corr/ZhouHH17},
  bibsource = {dblp computer science bibliography, https://dblp.org}
}

@inproceedings{NamjoshiS16,
  author    = {Kedar S. Namjoshi and
               Nimit Singhania},
  editor    = {Xavier Rival},
  title     = {Loopy: Programmable and Formally Verified Loop Transformations},
  booktitle = {Static Analysis - 23rd International Symposium, {SAS} 2016, Edinburgh,
               UK, September 8-10, 2016, Proceedings},
  series    = {Lecture Notes in Computer Science},
  volume    = {9837},
  pages     = {383--402},
  publisher = {Springer},
  year      = {2016},
  url       = {https://doi.org/10.1007/978-3-662-53413-7\_19},
  doi       = {10.1007/978-3-662-53413-7\_19},
  timestamp = {Wed, 14 Nov 2018 10:55:37 +0100},
  biburl    = {https://dblp.org/rec/bib/conf/sas/NamjoshiS16},
  bibsource = {dblp computer science bibliography, https://dblp.org}
}


@inproceedings{SteppTL11,
  author    = {Michael Stepp and
               Ross Tate and
               Sorin Lerner},
  editor    = {Ganesh Gopalakrishnan and
               Shaz Qadeer},
  title     = {Equality-Based Translation Validator for {LLVM}},
  booktitle = {Computer Aided Verification - 23rd International Conference, {CAV}
               2011, Snowbird, UT, USA, July 14-20, 2011. Proceedings},
  series    = {Lecture Notes in Computer Science},
  volume    = {6806},
  pages     = {737--742},
  publisher = {Springer},
  year      = {2011},
  url       = {https://doi.org/10.1007/978-3-642-22110-1\_59},
  doi       = {10.1007/978-3-642-22110-1\_59},
  timestamp = {Wed, 03 Oct 2018 12:55:01 +0200},
  biburl    = {https://dblp.org/rec/bib/conf/cav/SteppTL11},
  bibsource = {dblp computer science bibliography, https://dblp.org}
}

@inproceedings{SSCA13,
  author    = {Rahul Sharma and
               Eric Schkufza and
               Berkeley R. Churchill and
               Alex Aiken},
  editor    = {Antony L. Hosking and
               Patrick Th. Eugster and
               Cristina V. Lopes},
  title     = {Data-driven equivalence checking},
  booktitle = {Proceedings of the 2013 {ACM} {SIGPLAN} International Conference on
               Object Oriented Programming Systems Languages {\&} Applications,
               {OOPSLA} 2013, part of {SPLASH} 2013, Indianapolis, IN, USA, October
               26-31, 2013},
  pages     = {391--406},
  publisher = {{ACM}},
  year      = {2013},
  url       = {https://doi.org/10.1145/2509136.2509509},
  doi       = {10.1145/2509136.2509509},
  timestamp = {Tue, 06 Nov 2018 16:57:16 +0100},
  biburl    = {https://dblp.org/rec/bib/conf/oopsla/0001SCA13},
  bibsource = {dblp computer science bibliography, https://dblp.org}
}
maintained by Schloss Dagstuhl LZI, founded at University of Trier	homebrowsesearchabout


@inproceedings{DarvasHS05,
  author    = {{\'{A}}d{\'{a}}m Darvas and
               Reiner H{\"{a}}hnle and
               David Sands},
  editor    = {Dieter Hutter and
               Markus Ullmann},
  title     = {A Theorem Proving Approach to Analysis of Secure Information Flow},
  booktitle = {Security in Pervasive Computing, Second International Conference,
               {SPC} 2005, Boppard, Germany, April 6-8, 2005, Proceedings},
  series    = {Lecture Notes in Computer Science},
  volume    = {3450},
  pages     = {193--209},
  publisher = {Springer},
  year      = {2005},
  url       = {https://doi.org/10.1007/978-3-540-32004-3\_20},
  doi       = {10.1007/978-3-540-32004-3\_20},
  timestamp = {Tue, 30 May 2017 16:36:52 +0200},
  biburl    = {https://dblp.org/rec/bib/conf/spc/DarvasHS05},
  bibsource = {dblp computer science bibliography, https://dblp.org}
}

@inproceedings{FinkbeinerRS15,
  author    = {Bernd Finkbeiner and
               Markus N. Rabe and
               C{\'{e}}sar S{\'{a}}nchez},
  editor    = {Daniel Kroening and
               Corina S. Pasareanu},
  title     = {Algorithms for Model Checking HyperLTL and HyperCTL {\^{}}*},
  booktitle = {Computer Aided Verification - 27th International Conference, {CAV}
               2015, San Francisco, CA, USA, July 18-24, 2015, Proceedings, Part
               {I}},
  series    = {Lecture Notes in Computer Science},
  volume    = {9206},
  pages     = {30--48},
  publisher = {Springer},
  year      = {2015},
  url       = {https://doi.org/10.1007/978-3-319-21690-4\_3},
  doi       = {10.1007/978-3-319-21690-4\_3},
  timestamp = {Thu, 25 May 2017 00:39:07 +0200},
  biburl    = {https://dblp.org/rec/bib/conf/cav/FinkbeinerRS15},
  bibsource = {dblp computer science bibliography, https://dblp.org}
}

@inproceedings{Benton04,
  author    = {Nick Benton},
  editor    = {Neil D. Jones and
               Xavier Leroy},
  title     = {Simple relational correctness proofs for static analyses and program
               transformations},
  booktitle = {Proceedings of the 31st {ACM} {SIGPLAN-SIGACT} Symposium on Principles
               of Programming Languages, {POPL} 2004, Venice, Italy, January 14-16,
               2004},
  pages     = {14--25},
  publisher = {{ACM}},
  year      = {2004},
  url       = {https://doi.org/10.1145/964001.964003},
  doi       = {10.1145/964001.964003},
  timestamp = {Tue, 06 Nov 2018 11:07:42 +0100},
  biburl    = {https://dblp.org/rec/bib/conf/popl/Benton04},
  bibsource = {dblp computer science bibliography, https://dblp.org}
}

@inproceedings{ClarksonS08,
  author    = {Michael R. Clarkson and
               Fred B. Schneider},
  title     = {Hyperproperties},
  booktitle = {Proceedings of the 21st {IEEE} Computer Security Foundations Symposium,
               {CSF} 2008, Pittsburgh, Pennsylvania, USA, 23-25 June 2008},
  pages     = {51--65},
  publisher = {{IEEE} Computer Society},
  year      = {2008},
  url       = {https://doi.org/10.1109/CSF.2008.7},
  doi       = {10.1109/CSF.2008.7},
  timestamp = {Wed, 20 Jun 2018 17:15:32 +0200},
  biburl    = {https://dblp.org/rec/bib/conf/csfw/ClarksonS08},
  bibsource = {dblp computer science bibliography, https://dblp.org}
}

@inproceedings{BartheDR04,
  author    = {Gilles Barthe and
               Pedro R. D'Argenio and
               Tamara Rezk},
  title     = {Secure Information Flow by Self-Composition},
  booktitle = {17th {IEEE} Computer Security Foundations Workshop, {(CSFW-17} 2004),
               28-30 June 2004, Pacific Grove, CA, {USA}},
  pages     = {100--114},
  publisher = {{IEEE} Computer Society},
  year      = {2004},
  url       = {http://doi.ieeecomputersociety.org/10.1109/CSFW.2004.17},
  doi       = {10.1109/CSFW.2004.17},
  timestamp = {Fri, 13 May 2016 11:50:53 +0200},
  biburl    = {https://dblp.org/rec/bib/conf/csfw/BartheDR04},
  bibsource = {dblp computer science bibliography, https://dblp.org}
}
maintained by Schloss Dagstuhl LZI, founded at University of Trier	homebrowsesearchabout

@inproceedings{BeckertU18,
  author    = {Bernhard Beckert and
               Mattias Ulbrich},
  editor    = {Peter M{\"{u}}ller and
               Ina Schaefer},
  title     = {Trends in Relational Program Verification},
  booktitle = {Principled Software Development - Essays Dedicated to Arnd Poetzsch-Heffter
               on the Occasion of his 60th Birthday},
  pages     = {41--58},
  publisher = {Springer},
  year      = {2018},
  url       = {https://doi.org/10.1007/978-3-319-98047-8-\_3},
  doi       = {10.1007/978-3-319-98047-8\_3},
  timestamp = {Wed, 31 Oct 2018 17:56:46 +0100},
  biburl    = {https://dblp.org/rec/bib/conf/birthday/BeckertU18},
  bibsource = {dblp computer science bibliography, https://dblp.org}
}

@inproceedings{ClarksonFKMRS14,
  author    = {Michael R. Clarkson and
               Bernd Finkbeiner and
               Masoud Koleini and
               Kristopher K. Micinski and
               Markus N. Rabe and
               C{\'{e}}sar S{\'{a}}nchez},
  editor    = {Mart{\'{\i}}n Abadi and
               Steve Kremer},
  title     = {Temporal Logics for Hyperproperties},
  booktitle = {Principles of Security and Trust - Third International Conference,
               {POST} 2014, Held as Part of the European Joint Conferences on Theory
               and Practice of Software, {ETAPS} 2014, Grenoble, France, April 5-13,
               2014, Proceedings},
  series    = {Lecture Notes in Computer Science},
  volume    = {8414},
  pages     = {265--284},
  publisher = {Springer},
  year      = {2014},
  url       = {https://doi.org/10.1007/978-3-642-54792-8\_15},
  doi       = {10.1007/978-3-642-54792-8\_15},
  timestamp = {Tue, 26 Jun 2018 14:13:05 +0200},
  biburl    = {https://dblp.org/rec/bib/conf/post/ClarksonFKMRS14},
  bibsource = {dblp computer science bibliography, https://dblp.org}
}


@inproceedings{ChaudhuriGL10,
  author    = {Swarat Chaudhuri and
               Sumit Gulwani and
               Roberto Lublinerman},
  editor    = {Manuel V. Hermenegildo and
               Jens Palsberg},
  title     = {Continuity analysis of programs},
  booktitle = {Proceedings of the 37th {ACM} {SIGPLAN-SIGACT} Symposium on Principles
               of Programming Languages, {POPL} 2010, Madrid, Spain, January 17-23,
               2010},
  pages     = {57--70},
  publisher = {{ACM}},
  year      = {2010},
  url       = {https://doi.org/10.1145/1706299.1706308},
  doi       = {10.1145/1706299.1706308},
  timestamp = {Tue, 06 Nov 2018 11:07:43 +0100},
  biburl    = {https://dblp.org/rec/bib/conf/popl/ChaudhuriGL10},
  bibsource = {dblp computer science bibliography, https://dblp.org}
}

@article{SousaDL18,
  author    = {Marcelo Sousa and
               Isil Dillig and
               Shuvendu K. Lahiri},
  title     = {Verified three-way program merge},
  journal   = {{PACMPL}},
  volume    = {2},
  number    = {{OOPSLA}},
  pages     = {165:1--165:29},
  year      = {2018},
  url       = {https://doi.org/10.1145/3276535},
  doi       = {10.1145/3276535},
  timestamp = {Wed, 21 Nov 2018 12:44:28 +0100},
  biburl    = {https://dblp.org/rec/bib/journals/pacmpl/SousaDL18},
  bibsource = {dblp computer science bibliography, https://dblp.org}
}

@inproceedings{GoguenM82,
  author    = {Joseph A. Goguen and
               Jos{\'{e}} Meseguer},
  title     = {Security Policies and Security Models},
  booktitle = {1982 {IEEE} Symposium on Security and Privacy, Oakland, CA, USA, April
               26-28, 1982},
  pages     = {11--20},
  publisher = {{IEEE} Computer Society},
  year      = {1982},
  url       = {https://doi.org/10.1109/SP.1982.10014},
  doi       = {10.1109/SP.1982.10014},
  timestamp = {Fri, 26 May 2017 00:50:06 +0200},
  biburl    = {https://dblp.org/rec/bib/conf/sp/GoguenM82a},
  bibsource = {dblp computer science bibliography, https://dblp.org}
}

@inproceedings{LahiriHKR12,
  author    = {Shuvendu K. Lahiri and
               Chris Hawblitzel and
               Ming Kawaguchi and
               Henrique Reb{\^{e}}lo},
  editor    = {P. Madhusudan and
               Sanjit A. Seshia},
  title     = {{SYMDIFF:} {A} Language-Agnostic Semantic Diff Tool for Imperative
               Programs},
  booktitle = {Computer Aided Verification - 24th International Conference, {CAV}
               2012, Berkeley, CA, USA, July 7-13, 2012 Proceedings},
  series    = {Lecture Notes in Computer Science},
  volume    = {7358},
  pages     = {712--717},
  publisher = {Springer},
  year      = {2012},
  url       = {https://doi.org/10.1007/978-3-642-31424-7\_54},
  doi       = {10.1007/978-3-642-31424-7\_54},
  timestamp = {Wed, 03 Oct 2018 12:55:01 +0200},
  biburl    = {https://dblp.org/rec/bib/conf/cav/LahiriHKR12},
  bibsource = {dblp computer science bibliography, https://dblp.org}
}

@inproceedings{PartushY14,
  author    = {Nimrod Partush and
               Eran Yahav},
  editor    = {Andrew P. Black and
               Todd D. Millstein},
  title     = {Abstract semantic differencing via speculative correlation},
  booktitle = {Proceedings of the 2014 {ACM} International Conference on Object Oriented
               Programming Systems Languages {\&} Applications, {OOPSLA} 2014,
               part of {SPLASH} 2014, Portland, OR, USA, October 20-24, 2014},
  pages     = {811--828},
  publisher = {{ACM}},
  year      = {2014},
  url       = {https://doi.org/10.1145/2660193.2660245},
  doi       = {10.1145/2660193.2660245},
  timestamp = {Tue, 06 Nov 2018 16:57:16 +0100},
  biburl    = {https://dblp.org/rec/bib/conf/oopsla/PartushY14},
  bibsource = {dblp computer science bibliography, https://dblp.org}
}

@inproceedings{AmtoftBB06,
  author    = {Torben Amtoft and
               Sruthi Bandhakavi and
               Anindya Banerjee},
  editor    = {J. Gregory Morrisett and
               Simon L. Peyton Jones},
  title     = {A logic for information flow in object-oriented programs},
  booktitle = {Proceedings of the 33rd {ACM} {SIGPLAN-SIGACT} Symposium on Principles
               of Programming Languages, {POPL} 2006, Charleston, South Carolina,
               USA, January 11-13, 2006},
  pages     = {91--102},
  publisher = {{ACM}},
  year      = {2006},
  url       = {https://doi.org/10.1145/1111037.1111046},
  doi       = {10.1145/1111037.1111046},
  timestamp = {Tue, 06 Nov 2018 11:07:43 +0100},
  biburl    = {https://dblp.org/rec/bib/conf/popl/AmtoftBB06},
  bibsource = {dblp computer science bibliography, https://dblp.org}
}

@inproceedings{SousaD16,
  author    = {Marcelo Sousa and
               Isil Dillig},
  editor    = {Chandra Krintz and
               Emery Berger},
  title     = {Cartesian hoare logic for verifying k-safety properties},
  booktitle = {Proceedings of the 37th {ACM} {SIGPLAN} Conference on Programming
               Language Design and Implementation, {PLDI} 2016, Santa Barbara, CA,
               USA, June 13-17, 2016},
  pages     = {57--69},
  publisher = {{ACM}},
  year      = {2016},
  url       = {https://doi.org/10.1145/2908080.2908092},
  doi       = {10.1145/2908080.2908092},
  timestamp = {Tue, 06 Nov 2018 16:59:30 +0100},
  biburl    = {https://dblp.org/rec/bib/conf/pldi/SousaD16},
  bibsource = {dblp computer science bibliography, https://dblp.org}
}

@article{GodlinS13,
  author    = {Benny Godlin and
               Ofer Strichman},
  title     = {Regression verification: proving the equivalence of similar programs},
  journal   = {Softw. Test., Verif. Reliab.},
  volume    = {23},
  number    = {3},
  pages     = {241--258},
  year      = {2013},
  url       = {https://doi.org/10.1002/stvr.1472},
  doi       = {10.1002/stvr.1472},
  timestamp = {Sun, 28 May 2017 13:23:53 +0200},
  biburl    = {https://dblp.org/rec/bib/journals/stvr/GodlinS13},
  bibsource = {dblp computer science bibliography, https://dblp.org}
}

@inproceedings{FelsingGKRU14,
  author    = {Dennis Felsing and
               Sarah Grebing and
               Vladimir Klebanov and
               Philipp R{\"{u}}mmer and
               Mattias Ulbrich},
  editor    = {Ivica Crnkovic and
               Marsha Chechik and
               Paul Gr{\"{u}}nbacher},
  title     = {Automating regression verification},
  booktitle = {{ACM/IEEE} International Conference on Automated Software Engineering,
               {ASE} '14, Vasteras, Sweden - September 15 - 19, 2014},
  pages     = {349--360},
  publisher = {{ACM}},
  year      = {2014},
  url       = {https://doi.org/10.1145/2642937.2642987},
  doi       = {10.1145/2642937.2642987},
  timestamp = {Tue, 06 Nov 2018 16:58:23 +0100},
  biburl    = {https://dblp.org/rec/bib/conf/kbse/FelsingGKRU14},
  bibsource = {dblp computer science bibliography, https://dblp.org}
}



@inproceedings{BartheCK13,
  author    = {Gilles Barthe and
               Juan Manuel Crespo and
               C{\'{e}}sar Kunz},
  editor    = {Sergei N. Art{\"{e}}mov and
               Anil Nerode},
  title     = {Beyond 2-Safety: Asymmetric Product Programs for Relational Program
               Verification},
  booktitle = {Logical Foundations of Computer Science, International Symposium,
               {LFCS} 2013, San Diego, CA, USA, January 6-8, 2013. Proceedings},
  series    = {Lecture Notes in Computer Science},
  volume    = {7734},
  pages     = {29--43},
  publisher = {Springer},
  year      = {2013},
  url       = {http://dx.doi.org/10.1007/978-3-642-35722-0\_3},
  doi       = {10.1007/978-3-642-35722-0\_3},
  timestamp = {Fri, 25 Jan 2013 17:36:28 +0100},
  biburl    = {http://dblp.uni-trier.de/rec/bib/conf/lfcs/BartheCK13},
  bibsource = {dblp computer science bibliography, http://dblp.org}
}


@inproceedings{BartheCK11,
  author    = {Gilles Barthe and
               Juan Manuel Crespo and
               C{\'{e}}sar Kunz},
  editor    = {Michael J. Butler and
               Wolfram Schulte},
  title     = {Relational Verification Using Product Programs},
  booktitle = {{FM} 2011: Formal Methods - 17th International Symposium on Formal
               Methods, Limerick, Ireland, June 20-24, 2011. Proceedings},
  series    = {Lecture Notes in Computer Science},
  volume    = {6664},
  pages     = {200--214},
  publisher = {Springer},
  year      = {2011},
  url       = {http://dx.doi.org/10.1007/978-3-642-21437-0\_17},
  doi       = {10.1007/978-3-642-21437-0\_17},
  timestamp = {Tue, 02 Dec 2014 14:02:24 +0100},
  biburl    = {http://dblp.uni-trier.de/rec/bib/conf/fm/BartheCK11},
  bibsource = {dblp computer science bibliography, http://dblp.org}
}


@inproceedings{voronkov2014avatar,
	title={AVATAR: The Architecture for First-Order Theorem Provers},
	author={Voronkov, Andrei},
	booktitle={Proceedings of the 16th International Conference on Computer Aided Verification-Volume 8559},
	pages={696--710},
	year={2014},
	organization={Springer-Verlag}
}

@inproceedings{kovacs2017coming,
	title={Coming to terms with quantified reasoning},
	author={Kov{\'a}cs, Laura and Robillard, Simon and Voronkov, Andrei},
	booktitle={POPL},
	pages={260--270},
	year={2017},
	organization={ACM}
}

@inproceedings{Vampire13,
	title={{First-Order Theorem Proving and Vampire}},
	author={Kov{\'a}cs, Laura and Voronkov, Andrei},
	booktitle={Proc. CAV}, 
	pages={1--35},
	year={2013},
}


@article{sabelfeld2003language,
	title={Language-based information-flow security},
	author={Sabelfeld, Andrei and Myers, Andrew C},
	journal={IEEE Journal on selected areas in communications},
	volume={21},
	number={1},
	pages={5--19},
	year={2003},
	publisher={IEEE}
}


@inproceedings{dwork2006calibrating,
	title={Calibrating noise to sensitivity in private data analysis},
	author={Dwork, Cynthia and McSherry, Frank and Nissim, Kobbi and Smith, Adam},
	booktitle={Theory of cryptography conference},
	pages={265--284},
	year={2006},
	organization={Springer}
}

@article{graf2013using,
	title={Using joana for information flow control in java programs-a practical guide},
	author={Graf, J{\"u}rgen and Hecker, Martin and Mohr, Martin},
	journal={Software Engineering 2013-Workshopband},
	year={2013},
	publisher={Gesellschaft f{\"u}r Informatik eV}
}

@inproceedings{colon2003linear,
  title={Linear Invariant Generation Using Non-Linear Constraint Solving},
  author={Col{\'o}n, Michael A and Sankaranarayanan, Sriram and Sipma, Henny B},
  booktitle={International Conference on Computer Aided Verification},
  pages={420--432},
  year={2003},
  organization={Springer}
}

@inproceedings{gupta2009invgen,
  title={{InvGen}: An Efficient Invariant Generator},
  author={Gupta, Ashutosh and Rybalchenko, Andrey},
  booktitle={International Conference on Computer Aided Verification},
  pages={634--640},
  year={2009},
  organization={Springer}
}

@inproceedings{hoder2012generalized,
  title={Generalized property directed reachability},
  author={Hoder, Kry{\v{s}}tof and Bj{\o}rner, Nikolaj},
  booktitle={International Conference on Theory and Applications of Satisfiability Testing},
  pages={157--171},
  year={2012},
  organization={Springer}
}

@inproceedings{Gurfinkel16, 
  author    = {Arie Gurfinkel and
               Sharon Shoham and
               Yuri Meshman},
  title     = {SMT-based Verification of Parameterized Systems},
  booktitle = {FSE},
  pages     = {338--348},
  year      = {2016},
}

@incollection{bjorner2015horn,
  title={Horn clause solvers for program verification},
  author={Bj{\o}rner, Nikolaj and Gurfinkel, Arie and McMillan, Ken and Rybalchenko, Andrey},
  booktitle={Fields of Logic and Computation II},
  pages={24--51},
  year={2015},
  publisher={Springer}
}

@inproceedings{Grimm:2018:MFR,
 author = {Grimm, Niklas and Maillard, Kenji and Fournet, C{\'e}dric and Hri\c{t}cu, C\u{a}t\u{a}lin and Maffei, Matteo and Protzenko, Jonathan and Ramananandro, Tahina and Rastogi, Aseem and Swamy, Nikhil and Zanella-B{\'e}guelin, Santiago},
 title = {A Monadic Framework for Relational Verification: Applied to Information Security, Program Equivalence, and Optimizations},
 booktitle = {7th ACM SIGPLAN International Conference on Certified Programs and Proofs},
 series = {CPP 2018},
 year = {2018},
 pages = {130--145},
 publisher = {ACM},
} 

@inproceedings{Grimm:2018:POST, 
title = {Equivalence Properties by Typing in Cryptographic Branching Protocols},
author = {Veronique Cortier and Niklas Grimm and Joseph Lallemand and Matteo Maffei}, 
year = 2018, 
booktitle=  {Principles of Security and Trust (POST'18)}, 
publisher = {Springer}, 
pages = {160--187}
}

@inproceedings{Cortier:2017:TSP,
 author = {Cortier, V{\'e}ronique and Grimm, Niklas and Lallemand, Joseph and Maffei, Matteo},
 title = {A Type System for Privacy Properties},
 booktitle = {2017 ACM SIGSAC Conference on Computer and Communications Security},
 series = {CCS '17},
 year = {2017},
 pages = {409--423},
 publisher = {ACM},
} 

@inproceedings{Cortier:2015,
 author = {Cortier, V{\'e}ronique and Eigner, Fabienne and Kremer, Steve and Maffei, Matteo and Wiedling, Cyrille},
 title = {Type-Based Verification of Electronic Voting Protocols},
 booktitle = {4th International Conference on Principles of Security and Trust - Volume 9036},
 year = {2015},
 pages = {303--323},
 acmid = {2976910},
 publisher = {Springer-Verlag},
} 


@inproceedings{Barthe:2014,
 author = {Barthe, Gilles and Fournet, C{\'e}dric and Gr{\'e}goire, Benjamin and Strub, Pierre-Yves and Swamy, Nikhil and Zanella-B{\'e}guelin, Santiago},
 title = {Probabilistic Relational Verification for Cryptographic Implementations},
 booktitle = {41st ACM SIGPLAN-SIGACT Symposium on Principles of Programming Languages},
 series = {POPL '14},
 year = {2014},
 pages = {193--205},
 publisher = {ACM},
}


@inproceedings{Tinelli02,
  author    = {Cesare Tinelli},
  title     = {{A DPLL-Based Calculus for Ground Satisfiability Modulo Theories}},
  booktitle = {Porc. JELIA},
  pages     = {308--319},
  year      = {2002},
 }

@inproceedings{StumpSutcliffeTinelli:2014:StarExec,
  author    = {Aaron Stump and
               Geoff Sutcliffe and
               Cesare Tinelli},
  title     = {{StarExec: {A} Cross-Community Infrastructure for Logic Solving}},
  booktitle = {Proc. of IJCAR},
  pages     = {367--373},
  year      = {2014},
 }

@article{Sutcliffe:2017:TPTP,
	Author = {Sutcliffe, Geoff},
	Journal = {Journal of Automated Reasoning},
	Month = {Feb},
	Number = {4},
	Pages = {483--502},
	Publisher = {Springer Nature},
	Title = {{The TPTP Problem Library and Associated Infrastructure. From CNF to TH0, TPTP v6.4.0}},
	Volume = {59},
	Year = {2017}}

% From http://smtlib.cs.uiowa.edu/credits.shtml#citing
@MISC{BarFT-SMTLIB,
  author =	 {Clark Barrett and Pascal Fontaine and Cesare Tinelli},
  title =	 {{The Satisfiability Modulo Theories Library (SMT-LIB)}},
  howpublished = {\url{www.SMT-LIB.org}},
  year =	 2016,
}

@incollection{HillenbrandPiskacWaldmannWeidenbach:2013,
    Address = {Berlin, Heidelberg},
    Author = {Hillenbrand, Thomas and Piskac, Ruzica and Waldmann, Uwe and Weidenbach, Christoph},
    Booktitle = {Programming Logics: Essays in Memory of Harald Ganzinger},
    Editor = {Voronkov, Andrei and Weidenbach, Christoph},
    Pages = {169--193},
    Publisher = {Springer Berlin Heidelberg},
    Title = {From Search to Computation: Redundancy Criteria and Simplification at Work},
    Year = {2013}}

@incollection{SekarRamakrishnanVoronkov:2001:TermIndexing,
    Author = {Sekar, R. and Ramakrishnan, I. V. and Voronkov, Andrei},
    Booktitle = {Handbook of Automated Reasoning},
    Editor = {Robinson, John Alan and Voronkov, Andrei},
    Pages = {1853--1964},
    Publisher = {Elsevier Science Publishers B. V.},
    Title = {Term Indexing},
    Year = {2001}}


@book{Tange:2018:GNUParallel,
    Author = {Tange, Ole},
    Month = Mar,
    Publisher = {Ole Tange},
    Title = {{GNU} Parallel 2018},
    Year = 2018}

@inproceedings{ClaessenHughes:2000:QuickCheck,
	Author = {Koen Claessen and John Hughes},
	Booktitle = {Proceedings of the Fifth {ACM} {SIGPLAN} International Conference on Functional Programming {(ICFP} '00), Montreal, Canada, September 18-21, 2000},
	Editor = {Martin Odersky and Philip Wadler},
	Pages = {268--279},
	Publisher = {{ACM}},
	Title = {QuickCheck: a lightweight tool for random testing of Haskell programs},
	Year = {2000}}
